<record><leader>00000cas a22000007a 4500</leader><controlfield tag="001">15124028</controlfield><controlfield tag="008">870128d18441844msuwr ne      0    0eng d</controlfield><datafield ind1=" " ind2=" " tag="010"><subfield code="a">sn 87065110 </subfield></datafield><datafield ind1=" " ind2=" " tag="040"><subfield code="a">MJA</subfield><subfield code="b">eng</subfield><subfield code="c">MJA</subfield><subfield code="d">MSJ</subfield><subfield code="d">OCLCQ</subfield></datafield><datafield ind1=" " ind2=" " tag="042"><subfield code="a">msc</subfield></datafield><datafield ind1="0" ind2=" " tag="130"><subfield code="a">Radical Democrat (Gallatin, Miss.)</subfield></datafield><datafield ind1="1" ind2="0" tag="245"><subfield code="a">Radical Democrat.</subfield></datafield><datafield ind1=" " ind2=" " tag="260"><subfield code="a">Gallatin, Mi. [i.e. Miss.] :</subfield><subfield code="b">J.F. Vance and L.P. Hall,</subfield><subfield code="c">1844-</subfield></datafield><datafield ind1=" " ind2=" " tag="310"><subfield code="a">Weekly</subfield></datafield><datafield ind1="0" ind2=" " tag="362"><subfield code="a">Vol. 1, no. 1 (July 20, 1844)-</subfield></datafield><datafield ind1="1" ind2=" " tag="362"><subfield code="a">Ceased in 1844.</subfield></datafield><datafield ind1=" " ind2=" " tag="752"><subfield code="a">United States</subfield><subfield code="b">Mississippi</subfield><subfield code="c">Copiah</subfield><subfield code="d">Gallatin.</subfield></datafield></record>